<?xml version="1.0" encoding="UTF-8"?><collection xmlns="http://www.loc.gov/MARC21/slim"><record><leader>00670nam--2200193-i-4500</leader><controlfield tag="001">000035003</controlfield><controlfield tag="002">20161230</controlfield><controlfield tag="005">20161230201040</controlfield><controlfield tag="008">060222s1000------------r-----000-0-eng-d</controlfield><datafield ind1=" " ind2=" " tag="020"><subfield code="a">352725787x</subfield></datafield><datafield ind1=" " ind2=" " tag="040"><subfield code="a">IFIN-HH</subfield></datafield><datafield ind1=" " ind2=" " tag="080"><subfield code="a">54.07:547</subfield></datafield><datafield ind1="1" ind2=" " tag="110"><subfield code="a">Verlag Chemie</subfield></datafield><datafield ind1="1" ind2="0" tag="245"><subfield code="a">New synthetic methods</subfield></datafield><datafield ind1=" " ind2=" " tag="260"><subfield code="a">Weinheim</subfield><subfield code="b">Verlag Chemie</subfield><subfield code="c">1979</subfield></datafield><datafield ind1=" " ind2=" " tag="300"><subfield code="a">3 volume</subfield></datafield><datafield ind1="1" ind2=" " tag="787"><subfield code="a">Vol. 6</subfield><subfield code="h">273p</subfield><subfield code="t">[4+2] And [3+2] Cycloadditions; Cyclometalation; Alfa-metalated Isocyanides; Phosphacumulene And Phosphaallene Ylides; Flash Thermolysis; Phase-transfer Catalysis; Titanium Tetrachloride In Organic Synthesis</subfield></datafield><datafield ind1=" " ind2=" " tag="852"><subfield code="a">47924</subfield><subfield code="c">54.07</subfield></datafield><datafield ind1=" " ind2=" " tag="CAT"><subfield code="a">Sys</subfield><subfield code="c">20110405</subfield><subfield code="h">150120</subfield></datafield></record></collection>